<?xml version="1.0" encoding="UTF-8"?><collection xmlns="http://www.loc.gov/MARC21/slim"><record><leader>00404nam--2200157-i-4500</leader><controlfield tag="001">000021268</controlfield><controlfield tag="002">20161230</controlfield><controlfield tag="005">20170128185817</controlfield><controlfield tag="008">060222s1000------------r-----000-0-eng-d</controlfield><datafield ind1=" " ind2=" " tag="080"><subfield code="a">512+517(076)</subfield></datafield><datafield ind1=" " ind2=" " tag="100"><subfield code="a">Gheorghiu, Gh.Th</subfield></datafield><datafield ind1=" " ind2=" " tag="245"><subfield code="a">Probleme de algebra si analiza matematica</subfield></datafield><datafield ind1=" " ind2=" " tag="260"><subfield code="a">Bucuresti</subfield><subfield code="b">Editura Tehnica</subfield><subfield code="c">1953</subfield></datafield><datafield ind1=" " ind2=" " tag="300"><subfield code="a">660 p</subfield></datafield><datafield ind1=" " ind2=" " tag="852"><subfield code="a">1636</subfield><subfield code="c">517</subfield></datafield><datafield ind1=" " ind2=" " tag="CAT"><subfield code="a">SYS</subfield><subfield code="c">20170128</subfield><subfield code="h">185817</subfield></datafield></record></collection>